@techreport{RealTimePerformanceTuning2022,
  title = {Real-{{Time Performance Tuning Best Practice Guidelines}} for {{KVM-Based Virtual Machines}}},
  year = {2022},
  month = jan,
  institution = {Intel},
  langid = {english}
}
